<record><leader>00000cas a22000007a 4500</leader><controlfield tag="001">12753124</controlfield><controlfield tag="008">851102d19201924mtuwr ne      0    0eng d</controlfield><datafield ind1=" " ind2=" " tag="010"><subfield code="a">sn 85053314 </subfield></datafield><datafield ind1=" " ind2=" " tag="040"><subfield code="a">MTL</subfield><subfield code="b">eng</subfield><subfield code="c">MTL</subfield><subfield code="d">OCLCQ</subfield></datafield><datafield ind1=" " ind2=" " tag="042"><subfield code="a">msc</subfield></datafield><datafield ind1="0" ind2=" " tag="130"><subfield code="a">Independent (Moccasin, Mont.)</subfield></datafield><datafield ind1="1" ind2="4" tag="245"><subfield code="a">The Independent.</subfield></datafield><datafield ind1="3" ind2="0" tag="246"><subfield code="a">Moccasin independent</subfield></datafield><datafield ind1=" " ind2=" " tag="260"><subfield code="a">Moccasin, Mont. :</subfield><subfield code="b">C.A. Burdick,</subfield><subfield code="c">-1924.</subfield></datafield><datafield ind1=" " ind2=" " tag="300"><subfield code="a">4 v. :</subfield><subfield code="b">ill. ;</subfield><subfield code="c">55 cm.</subfield></datafield><datafield ind1=" " ind2=" " tag="310"><subfield code="a">Weekly</subfield></datafield><datafield ind1="0" ind2=" " tag="362"><subfield code="a">-v. 4, no. 23 (May 8, 1924).</subfield></datafield><datafield ind1="1" ind2=" " tag="362"><subfield code="a">Began in 1920.</subfield><subfield code="z">Cf. Gregory, W. Amer. newspapers.</subfield></datafield><datafield ind1=" " ind2=" " tag="580"><subfield code="a">Continues: Moccasin dispatch (non-extant).</subfield></datafield><datafield ind1=" " ind2=" " tag="588"><subfield code="a">Description based on: Vol. 3, no. 49 (Nov. 8, 1923).</subfield></datafield><datafield ind1=" " ind2=" " tag="752"><subfield code="a">United States</subfield><subfield code="b">Montana</subfield><subfield code="c">Judith Basin</subfield><subfield code="d">Moccasin.</subfield></datafield><datafield ind1="1" ind2="0" tag="780"><subfield code="t">Moccasin dispatch</subfield></datafield><datafield ind1="0" ind2="4" tag="785"><subfield code="t">Judith Basin County press</subfield><subfield code="g">May 15, 1924</subfield><subfield code="w">(DLC)sn 85053195</subfield></datafield><datafield ind1="1" ind2=" " tag="029"><subfield code="a">AU@</subfield><subfield code="b">000023601768</subfield></datafield></record>